<?xml version="1.0" encoding="UTF-8"?><collection xmlns="http://www.loc.gov/MARC21/slim"><record><leader>00424nam--2200169-i-4500</leader><controlfield tag="001">000048406</controlfield><controlfield tag="002">20161230</controlfield><controlfield tag="005">20170116232443</controlfield><controlfield tag="008">060222s1000------------r-----000-0-eng-d</controlfield><datafield ind1=" " ind2=" " tag="080"><subfield code="a">621.396</subfield></datafield><datafield ind1=" " ind2=" " tag="100"><subfield code="a">Abramov, O. V</subfield></datafield><datafield ind1=" " ind2=" " tag="245"><subfield code="a">Parametricheskii sintez nastraivaemyh tehnicheskih sistem</subfield></datafield><datafield ind1=" " ind2=" " tag="260"><subfield code="a">Moskva</subfield><subfield code="b">Nauka</subfield><subfield code="c">1986</subfield></datafield><datafield ind1=" " ind2=" " tag="300"><subfield code="a">128 p</subfield></datafield><datafield ind1=" " ind2=" " tag="700"><subfield code="a">Inberg, S. P</subfield></datafield><datafield ind1=" " ind2=" " tag="852"><subfield code="a">73530</subfield></datafield><datafield ind1=" " ind2=" " tag="CAT"><subfield code="a">SYS</subfield><subfield code="c">20170116</subfield><subfield code="h">232443</subfield></datafield></record></collection>